@article{gridftp,
  title={Data management and transfer in high-performance computational grid environments},
  author={Allcock, Bill and Bester, Joe and Bresnahan, John and Chervenak, Ann L and Foster, Ian and Kesselman, Carl and Meder, Sam and Nefedova, Veronika and Quesnel, Darcy and Tuecke, Steven},
  journal={Parallel computing},
  volume={28},
  number={5},
  pages={749--771},
  year={2002},
  publisher={Elsevier}
}

@incollection{peters2013chapter,
  title={chapter 1 Postmodern Counternarratives},
  author={Peters, Michael and Lankshear, Colin},
  booktitle={Counternarratives},
  pages={1--39},
  year={2013},
  publisher={Routledge}
}

@book{goodfellow2016deep,
  title={Deep learning},
  author={Goodfellow, Ian and Bengio, Yoshua and Courville, Aaron},
  year={2016},
  publisher={MIT press}
}

@inproceedings{apples1,
  title={Application-level scheduling on distributed heterogeneous networks},
  author={Berman, Francine D and Wolski, Rich and Figueira, Silvia and Schopf, Jennifer and Shao, Gary},
  booktitle={Proceedings of the 1996 ACM/IEEE conference on Supercomputing},
  pages={39--es},
  year={1996}
}

@misc{xilinxip,
  title={Xilinx \protect{IP} core: Floating-Point Operator},
  author={Xilinx},
  date={19},
  howpublished={\url{https://www.xilinx.com/products/intellectual-property/floating_pt.html}},
  date={date},
  month={Jan},
  year={2021},
}